<record xmlns='http://www.loc.gov/MARC21/slim'><leader>01754cam a2200337 i 4500</leader><controlfield tag='001'>3754127</controlfield><controlfield tag='005'>20150720104803.0</controlfield><controlfield tag='007'>cr mn mmmmabba</controlfield><controlfield tag='008'>851105s1816    pauabf  s     000 0 eng d</controlfield><datafield ind1=' ' ind2=' ' tag='035'><subfield code='a'>3754127</subfield></datafield><datafield ind1=' ' ind2=' ' tag='040'><subfield code='a'>CSt</subfield><subfield code='b'>eng</subfield><subfield code='c'>MWA</subfield></datafield><datafield ind1=' ' ind2=' ' tag='043'><subfield code='a'>s-bl---</subfield></datafield><datafield ind1=' ' ind2=' ' tag='091'><subfield code='a'>ecol</subfield></datafield><datafield ind1='1' ind2=' ' tag='100'><subfield code='a'>Mawe, John,</subfield><subfield code='d'>1764-1829.</subfield></datafield><datafield ind1='1' ind2='0' tag='245'><subfield code='a'>Travels in the interior of Brazil</subfield><subfield code='h'>[electronic resource] :</subfield><subfield code='b'>particularly in the gold and diamond districts of that country ... including a voyage to the Rio de la Plata, and an historical sketch of the revolution of Buenos Ayres /</subfield><subfield code='c'>by John Mawe.</subfield></datafield><datafield ind1=' ' ind2=' ' tag='260'><subfield code='a'>Philadelphia :</subfield><subfield code='b'>M. Carey ;</subfield><subfield code='a'>Boston :</subfield><subfield code='b'>Wells and Lilly,</subfield><subfield code='c'>1816.</subfield></datafield><datafield ind1=' ' ind2=' ' tag='300'><subfield code='a'>373 p., [5] folded leaves :</subfield><subfield code='b'>ill., map ;</subfield><subfield code='c'>22 cm.</subfield></datafield><datafield ind1=' ' ind2=' ' tag='506'><subfield code='a'>Subscription and registration required for access.</subfield></datafield><datafield ind1=' ' ind2=' ' tag='500'><subfield code='a'>Errors in paging: p. 71-72 repeated, p. 95-96 omitted.</subfield></datafield><datafield ind1='4' ind2=' ' tag='510'><subfield code='a'>Shaw &amp; Shoemaker</subfield><subfield code='c'>38202</subfield></datafield><datafield ind1=' ' ind2=' ' tag='530'><subfield code='a'>Microform version available in the Readex Early American Imprints series.</subfield></datafield><datafield ind1=' ' ind2=' ' tag='533'><subfield code='a'>Electronic text and image data.</subfield><subfield code='b'>[Chester, Vt. :</subfield><subfield code='c'>Readex, a division of Newsbank, Inc.,</subfield><subfield code='d'>2004-2007]</subfield><subfield code='e'>Includes files in TIFF, GIF and PDF formats with inclusion of keyword searchable text.</subfield><subfield code='f'>(Early American imprints. Second series ; no. 38202).</subfield></datafield><datafield ind1=' ' ind2='0' tag='650'><subfield code='a'>Gold mines and mining</subfield><subfield code='z'>Brazil.</subfield></datafield><datafield ind1=' ' ind2='0' tag='650'><subfield code='a'>Diamond mines and mining</subfield><subfield code='z'>Brazil.</subfield></datafield><datafield ind1=' ' ind2='0' tag='651'><subfield code='a'>Brazil</subfield><subfield code='x'>Description and travel.</subfield></datafield><datafield ind1=' ' ind2='0' tag='651'><subfield code='a'>Brazil</subfield><subfield code='x'>Economic conditions.</subfield></datafield><datafield ind1=' ' ind2=' ' tag='752'><subfield code='a'>United States</subfield><subfield code='b'>Pennsylvania</subfield><subfield code='d'>Philadelphia.</subfield></datafield><datafield ind1=' ' ind2=' ' tag='752'><subfield code='a'>United States</subfield><subfield code='b'>Massachusetts</subfield><subfield code='d'>Boston.</subfield></datafield><datafield ind1=' ' ind2='0' tag='830'><subfield code='a'>Early American imprints.</subfield><subfield code='n'>Second series ;</subfield><subfield code='v'>no. 38202.</subfield></datafield><datafield ind1='4' ind2='1' tag='856'><subfield code='u'>http://opac.newsbank.com/select/shaw/38202</subfield></datafield><datafield ind1=' ' ind2=' ' tag='984'><subfield code='a'>ANL</subfield><subfield code='c'>Electronic resource</subfield><subfield code='f'>Available for document delivery - restrictions apply.</subfield></datafield></record>